@book{chiaveLibro,
  author    = {Andrew S. Tanenbaum and Maarten Van Steen},
  title     = {Distributed Systems: Principles and Paradigms (2nd Edition)},
  year      = {2007},
  publisher = {Prentice Hall},
}

@book{chiaveLibro2,
  author    = {B.Liskov and J. Guttag},
  title     = {Program Development in Java},
  year      = {2000},
  publisher = {Pearson education},
}