@online{eduGAIN,
  key = {eduGAIN Radius},
  url = {https://edugain.org/}
}

@online{PlantUML,
  key = {PlantUML},
  url = {https://plantuml.com/}
}

@online{OAuth,
  key = {OAuth 2.0},
  url = {https://oauth.net/2/}
}
